<?xml version="1.0" encoding="UTF-8"?><collection xmlns="http://www.loc.gov/MARC21/slim"><record><leader>00302nam--2200121-i-4500</leader><controlfield tag="001">000049892</controlfield><controlfield tag="002">20161230</controlfield><controlfield tag="005">20161230201047</controlfield><controlfield tag="008">060222s1000------------r-----000-0-eng-d</controlfield><datafield ind1=" " ind2=" " tag="100"><subfield code="a">Afonskii, S.I</subfield></datafield><datafield ind1=" " ind2=" " tag="245"><subfield code="a">Fizicheskaia i koloidnaia himiia</subfield></datafield><datafield ind1=" " ind2=" " tag="260"><subfield code="a">Moskva, Sovenskaia Nauka, 1954, 266s</subfield></datafield><datafield ind1=" " ind2=" " tag="852"><subfield code="a">3652</subfield></datafield></record></collection>